% this is the bibliography file

@misc{bidelman11, 
	author = {Eric Bidelman},
title = {Transferable Objects: Lightning Fast!},
year = {2011},
language = {English},
howpublished = {\url{http://updates.html5rocks.com/2011/12/Transferable-Objects-Lightning-Fast}},
}

@book{gregory03,
	author = {Jason Gregory},
	title = {Game Engine Architecture},
	year = {2009},
	language = {English},
	edition = {1st},
	publisher = {A K Peters/CRC Press},
	isbn = {1568814135},
}

@book{engel14,
	author = {Wolfgang Engel},
	title = {GPU PRO 5: Advanced Rendering Techniques},
	year = {2014},
	language = {English},
	edition = {1st},
	publisher = {A K Peters/CRC Press},
	isbn = {1482208636},
}

@book{engel12,
	author = {Wolfgang Engel},
	title = {GPU PRO 3: Advanced Rendering Techniques},
	year = {2012},
	language = {English},
	edition = {1st},
	publisher = {A K Peters/CRC Press},
	isbn = {1439887829},
}

@misc{tian14, 
	author = {Sijie Tian, Yuqin Shao, Patrick Cozzi and Robert Nyman},
	title = {WebGL Deferred Shading},
	year = {2014},
	language = {English},
	howpublished = {\url{https://hacks.mozilla.org/2014/01/webgl-deferred-shading/}},
}

@misc{echterhoff14, 
	author = {Jonas Echterhoff},
	title = {On the future of Web publishing in Unity},
	year = {2014},
	language = {English},
	howpublished = {\url{http://blogs.unity3d.com/2014/04/29/on-the-future-of-web-publishing-in-unity//}},
}

@misc{bidelman12, 
	author = {Jonas Echterhoff},
	title = {Capturing Audio and Video in HTML5},
	year = {2012},
	language = {English},
	howpublished = {\url{http://www.html5rocks.com/en/tutorials/getusermedia/intro/}},
}

@misc{unrealengine13, 
	author = {Unreal Engine},
	title = {Epic Games Releases ‘Epic Citadel’ on the Web},
	year = {2013},
	language = {English},
	howpublished = {\url{https://www.unrealengine.com/news/epic-games-releases-epic-citadel-on-the-web}},
}

@misc{lardinois14, 
	author = {Frederic Lardinois},
	title = {Epic Partners With Mozilla To Port Unreal Engine 4 To The Web},
	year = {2014},
	language = {English},
	howpublished = {\url{http://techcrunch.com/2014/03/12/epic-partners-with-mozilla-to-port-unreal-engine-4-to-the-web/}},
}

@misc{unigine13, 
	author = {Unigine},
	title = {UNIGINE's Crypt demo is ported into a browser},
	year = {2013},
	language = {English},
	howpublished = {\url{http://techcrunch.com/2014/03/12/epic-partners-with-mozilla-to-port-unreal-engine-4-to-the-web/}},
}

@misc{engel08, 
	author = {Wolfgang Engel},
	title = {Light Pre-Pass Renderer},
	year = {2008},
	language = {English},
	howpublished = {\url{http://diaryofagraphicsprogrammer.blogspot.ro/2008/03/light-pre-pass-renderer.html}},
}

